<record><leader>00000cas a22000007a 4500</leader><controlfield tag="001">16534653</controlfield><controlfield tag="008">870825d19861987nyuwr ne      0    0eng d</controlfield><datafield ind1=" " ind2=" " tag="010"><subfield code="a">sn 87070128 </subfield></datafield><datafield ind1=" " ind2=" " tag="040"><subfield code="a">NYS</subfield><subfield code="b">eng</subfield><subfield code="c">NYS</subfield><subfield code="d">OCLCQ</subfield></datafield><datafield ind1=" " ind2=" " tag="042"><subfield code="a">msc</subfield></datafield><datafield ind1="0" ind2=" " tag="130"><subfield code="a">Niskayuna journal (Amsterdam, N.Y.)</subfield></datafield><datafield ind1="1" ind2="4" tag="245"><subfield code="a">The Niskayuna journal.</subfield></datafield><datafield ind1="1" ind2="3" tag="246"><subfield code="a">Journal</subfield></datafield><datafield ind1=" " ind2=" " tag="250"><subfield code="a">Niskayuna ed.</subfield></datafield><datafield ind1=" " ind2=" " tag="260"><subfield code="a">Amsterdam, N.Y. :</subfield><subfield code="b">Wm. J. Kline &amp; Son</subfield></datafield><datafield ind1=" " ind2=" " tag="300"><subfield code="a">v.</subfield></datafield><datafield ind1=" " ind2=" " tag="310"><subfield code="a">Weekly</subfield></datafield><datafield ind1="0" ind2=" " tag="362"><subfield code="a">Vol. 1, no. 1 (May 31, 1986)-v. 1, no. 49 (July 9, 1987).</subfield></datafield><datafield ind1=" " ind2=" " tag="500"><subfield code="a">Published in Amsterdam, N.Y. May 31, 1986-&lt;1986&gt;; in Schenectady, N.Y. thereafter.</subfield></datafield><datafield ind1=" " ind2=" " tag="515"><subfield code="a">Suspended June-Aug. 6, 1986.</subfield></datafield><datafield ind1=" " ind2="4" tag="651"><subfield code="a">Amsterdam (N.Y.)</subfield><subfield code="v">Newspapers.</subfield></datafield><datafield ind1=" " ind2="4" tag="651"><subfield code="a">Schenectady (N.Y.)</subfield><subfield code="v">Newspapers.</subfield></datafield><datafield ind1=" " ind2="4" tag="651"><subfield code="a">Niskayuna (N.Y.)</subfield><subfield code="v">Newspapers.</subfield></datafield><datafield ind1=" " ind2=" " tag="752"><subfield code="a">United States</subfield><subfield code="b">New York</subfield><subfield code="c">Montgomery</subfield><subfield code="d">Amsterdam.</subfield></datafield><datafield ind1=" " ind2=" " tag="752"><subfield code="a">United States</subfield><subfield code="b">New York</subfield><subfield code="c">Schenectady</subfield><subfield code="d">Schenectady.</subfield></datafield><datafield ind1=" " ind2=" " tag="752"><subfield code="a">United States</subfield><subfield code="b">New York</subfield><subfield code="c">Schenectady</subfield><subfield code="d">Niskayuna.</subfield></datafield><datafield ind1="0" ind2=" " tag="775"><subfield code="t">Scotia-Glenville journal (Schenectady, N.Y. : 1987)</subfield><subfield code="w">(DLC)sn 89071351</subfield><subfield code="w">(OCoLC)20001318</subfield></datafield><datafield ind1="0" ind2="0" tag="785"><subfield code="t">Journal (Schenectady, N.Y. : Niskayuna ed.)</subfield><subfield code="w">(DLC)sn 88074342</subfield><subfield code="w">(OCoLC)17462520</subfield></datafield><datafield ind1="1" ind2=" " tag="029"><subfield code="a">AU@</subfield><subfield code="b">000025794802</subfield></datafield></record>